<record><leader>00000cas a2200000 a 4500</leader><controlfield tag="001">7674887</controlfield><controlfield tag="008">810817d19171917mauwr ne      0   a0eng c</controlfield><datafield ind1=" " ind2=" " tag="010"><subfield code="a">   18015984 </subfield><subfield code="z">sn 84032232 </subfield></datafield><datafield ind1=" " ind2=" " tag="040"><subfield code="a">VA@</subfield><subfield code="b">eng</subfield><subfield code="c">VA@</subfield><subfield code="d">NYG</subfield><subfield code="d">NPA</subfield><subfield code="d">PPM</subfield><subfield code="d">NJW</subfield><subfield code="d">YOX</subfield><subfield code="d">CNK</subfield><subfield code="d">DLC</subfield><subfield code="d">OCLCQ</subfield><subfield code="d">NYS</subfield><subfield code="d">NYG</subfield><subfield code="d">NSD</subfield><subfield code="d">OCLCG</subfield><subfield code="d">KRTAS</subfield><subfield code="d">OCLCQ</subfield><subfield code="d">UKMGB</subfield><subfield code="d">WIH</subfield><subfield code="d">OCLCF</subfield><subfield code="d">OCLCO</subfield><subfield code="d">OCLCA</subfield></datafield><datafield ind1=" " ind2=" " tag="012"><subfield code="i">9404</subfield></datafield><datafield ind1="7" ind2=" " tag="016"><subfield code="a">013939417</subfield><subfield code="2">Uk</subfield></datafield><datafield ind1="0" ind2=" " tag="022"><subfield code="a">1937-1411</subfield><subfield code="l">1937-1411</subfield><subfield code="2">1</subfield></datafield><datafield ind1="1" ind2=" " tag="029"><subfield code="a">AU@</subfield><subfield code="b">000000888978</subfield></datafield><datafield ind1=" " ind2=" " tag="042"><subfield code="a">pcc</subfield><subfield code="a">nsdp</subfield></datafield><datafield ind1=" " ind2=" " tag="043"><subfield code="a">n-us-ma</subfield></datafield><datafield ind1="0" ind2="0" tag="050"><subfield code="a">JK1880</subfield><subfield code="b">.W58</subfield></datafield><datafield ind1=" " ind2=" " tag="051"><subfield code="c">2d set</subfield><subfield code="u">&lt;Rare Bk Coll : NAWSA Coll&gt;</subfield></datafield><datafield ind1="1" ind2="0" tag="082"><subfield code="a">305.4</subfield><subfield code="2">14</subfield></datafield><datafield ind1="0" ind2=" " tag="130"><subfield code="a">Woman's journal (Boston, Mass. : 1917)</subfield></datafield><datafield ind1=" " ind2="0" tag="222"><subfield code="a">Woman's journal</subfield><subfield code="b">(Boston, Mass. : 1917)</subfield></datafield><datafield ind1="0" ind2="4" tag="245"><subfield code="a">The woman's journal.</subfield></datafield><datafield ind1=" " ind2=" " tag="260"><subfield code="a">Boston, Mass. :</subfield><subfield code="b">George Brewster Gallup,</subfield><subfield code="c">1917.</subfield></datafield><datafield ind1=" " ind2=" " tag="300"><subfield code="a">1 v. :</subfield><subfield code="b">ill. ;</subfield><subfield code="c">57 cm.</subfield></datafield><datafield ind1=" " ind2=" " tag="310"><subfield code="a">Weekly</subfield></datafield><datafield ind1="0" ind2=" " tag="362"><subfield code="a">Vol. 48, no. 1 (Jan. 6, 1917)-v. 48, no. 21 (May 26, 1917).</subfield></datafield><datafield ind1=" " ind2=" " tag="500"><subfield code="a">Published: Worcester, Mass., Apr. 14-May 26, 1917.</subfield></datafield><datafield ind1=" " ind2=" " tag="500"><subfield code="a">Editor: Alice Stone Blackwell.</subfield></datafield><datafield ind1=" " ind2=" " tag="500"><subfield code="a">Title from caption.</subfield></datafield><datafield ind1=" " ind2=" " tag="530"><subfield code="a">Available on microfilm from Research Publications, Woodbridge, Conn. as part of the History of Women series, and University Microfilms, Ann Arbor, Mich.</subfield></datafield><datafield ind1=" " ind2=" " tag="580"><subfield code="a">Merged with: Woman voter, and: National suffrage news, to form: Woman citizen.</subfield></datafield><datafield ind1=" " ind2="0" tag="650"><subfield code="a">Women</subfield><subfield code="v">Newspapers.</subfield></datafield><datafield ind1=" " ind2="0" tag="650"><subfield code="a">Women</subfield><subfield code="x">Suffrage</subfield><subfield code="v">Newspapers.</subfield></datafield><datafield ind1=" " ind2="0" tag="651"><subfield code="a">Boston (Mass.)</subfield><subfield code="v">Newspapers.</subfield></datafield><datafield ind1=" " ind2="0" tag="651"><subfield code="a">Suffolk County (Mass.)</subfield><subfield code="v">Newspapers.</subfield></datafield><datafield ind1=" " ind2="7" tag="655"><subfield code="a">Newspapers.</subfield><subfield code="2">fast</subfield><subfield code="0">(OCoLC)fst01423814</subfield></datafield><datafield ind1=" " ind2="7" tag="650"><subfield code="a">Women.</subfield><subfield code="2">fast</subfield><subfield code="0">(OCoLC)fst01176568</subfield></datafield><datafield ind1=" " ind2="7" tag="650"><subfield code="a">Women</subfield><subfield code="x">Suffrage.</subfield><subfield code="2">fast</subfield><subfield code="0">(OCoLC)fst01176996</subfield></datafield><datafield ind1=" " ind2="7" tag="651"><subfield code="a">Massachusetts</subfield><subfield code="z">Boston.</subfield><subfield code="2">fast</subfield><subfield code="0">(OCoLC)fst01205012</subfield></datafield><datafield ind1=" " ind2="7" tag="651"><subfield code="a">Massachusetts</subfield><subfield code="z">Suffolk County.</subfield><subfield code="2">fast</subfield><subfield code="0">(OCoLC)fst01206189</subfield></datafield><datafield ind1="1" ind2=" " tag="700"><subfield code="a">Blackwell, Alice Stone,</subfield><subfield code="d">1857-1950.</subfield></datafield><datafield ind1="2" ind2=" " tag="710"><subfield code="a">National American Woman Suffrage Association Collection (Library of Congress)</subfield></datafield><datafield ind1=" " ind2=" " tag="752"><subfield code="a">United States</subfield><subfield code="b">Massachusetts</subfield><subfield code="c">Suffolk</subfield><subfield code="d">Boston.</subfield></datafield><datafield ind1=" " ind2=" " tag="752"><subfield code="a">United States</subfield><subfield code="b">Massachusetts</subfield><subfield code="c">Worcester</subfield><subfield code="d">Worcester.</subfield></datafield><datafield ind1="0" ind2="8" tag="776"><subfield code="i">Online version:</subfield><subfield code="t">Woman's journal (Boston, Mass. : 1917)</subfield><subfield code="w">(OCoLC)685156799</subfield></datafield><datafield ind1="0" ind2="0" tag="780"><subfield code="t">Woman's journal and suffrage news</subfield><subfield code="x">1937-1403</subfield><subfield code="w">(DLC)   94650472</subfield><subfield code="w">(OCoLC)7674862</subfield></datafield><datafield ind1="1" ind2="7" tag="785"><subfield code="t">Woman voter</subfield><subfield code="w">(OCoLC)7674941</subfield></datafield><datafield ind1="1" ind2="7" tag="785"><subfield code="t">National suffrage news</subfield><subfield code="w">(DLC)   94650501</subfield><subfield code="w">(OCoLC)11545793</subfield></datafield><datafield ind1="1" ind2="7" tag="785"><subfield code="t">Woman citizen</subfield><subfield code="x">1937-142X</subfield><subfield code="w">(DLC)   94650473</subfield><subfield code="w">(OCoLC)2395192</subfield></datafield><datafield ind1=" " ind2=" " tag="850"><subfield code="a">DLC</subfield></datafield><datafield ind1=" " ind2=" " tag="938"><subfield code="a">Kirtas Technologies, Inc.</subfield><subfield code="b">KRTS</subfield><subfield code="n">735888</subfield></datafield></record>